<record><leader>00000cas a22000007a 4500</leader><controlfield tag="001">10384961</controlfield><controlfield tag="008">840207d18651913njuwr ne      0   a0eng  </controlfield><datafield ind1=" " ind2=" " tag="010"><subfield code="a">sn 84026301 </subfield></datafield><datafield ind1=" " ind2=" " tag="040"><subfield code="a">NPU</subfield><subfield code="b">eng</subfield><subfield code="c">NPU</subfield><subfield code="d">NPX</subfield><subfield code="d">NPA</subfield><subfield code="d">NJW</subfield><subfield code="d">OCLCQ</subfield><subfield code="d">DLC</subfield></datafield><datafield ind1="0" ind2=" " tag="022"><subfield code="a">2332-9211</subfield><subfield code="2">1</subfield></datafield><datafield ind1=" " ind2=" " tag="042"><subfield code="a">msc</subfield><subfield code="a">nsdp</subfield></datafield><datafield ind1="1" ind2="0" tag="050"><subfield code="a">ISSN RECORD</subfield></datafield><datafield ind1="1" ind2="0" tag="082"><subfield code="a">071</subfield><subfield code="2">23</subfield></datafield><datafield ind1="0" ind2=" " tag="130"><subfield code="a">Weekly State gazette (Trenton, N.J.)</subfield></datafield><datafield ind1=" " ind2="0" tag="222"><subfield code="a">Weekly State gazette</subfield><subfield code="b">(Trenton, N.J.)</subfield></datafield><datafield ind1="1" ind2="0" tag="245"><subfield code="a">Weekly State gazette.</subfield></datafield><datafield ind1=" " ind2=" " tag="260"><subfield code="a">Trenton, N.J. :</subfield><subfield code="b">J. Vannote</subfield></datafield><datafield ind1=" " ind2=" " tag="300"><subfield code="a">v. :</subfield><subfield code="b">ill. ;</subfield><subfield code="c">59 cm.</subfield></datafield><datafield ind1=" " ind2=" " tag="310"><subfield code="a">Weekly</subfield></datafield><datafield ind1="1" ind2=" " tag="362"><subfield code="a">Began in Oct. 1865; ceased in 1913.</subfield></datafield><datafield ind1=" " ind2=" " tag="500"><subfield code="a">Publishers: J. Vannote, &lt;1868&gt;; John L. Murphy, &lt;1876&gt;.</subfield></datafield><datafield ind1=" " ind2=" " tag="530"><subfield code="a">Also issued on microfilm by the Rutgers University Libraries and as part of the Civil War newspapers collection.</subfield></datafield><datafield ind1=" " ind2=" " tag="588"><subfield code="a">Description based on: Vol. 81, no. 11 (Mar. 13, 1868).</subfield></datafield><datafield ind1=" " ind2=" " tag="752"><subfield code="a">United States</subfield><subfield code="b">New Jersey</subfield><subfield code="c">Mercer</subfield><subfield code="d">Trenton.</subfield></datafield><datafield ind1="0" ind2=" " tag="775"><subfield code="t">Daily State gazette (Trenton, N.J. : 1863)</subfield><subfield code="x">2332-9254</subfield><subfield code="w">(DLC)sn 84026300</subfield><subfield code="w">(OCoLC)10383633</subfield></datafield><datafield ind1="0" ind2="0" tag="780"><subfield code="t">Weekly State gazette and Republican</subfield><subfield code="x">2332-9203</subfield><subfield code="w">(DLC)sn 85036032</subfield><subfield code="w">(OCoLC)12719837</subfield></datafield><datafield ind1="0" ind2="5" tag="780"><subfield code="t">Trenton weekly monitor</subfield><subfield code="x">2332-922X</subfield><subfield code="w">(DLC)sn 85036030</subfield><subfield code="w">(OCoLC)13039639</subfield></datafield></record>